%   ****************************************
%   * File: SAMPLE.BIB                     *
%   ****************************************
%   * An invented bib file                 *
%   * For the sample texts                 *
%   * The order is unimportant and there   *
%   * may be more entries than references  *
%   * in the text                          *
%   ****************************************
% 

% Taken from: http://tug.ctan.org/tex-archive/macros/latex/contrib/aguplus/sample.bib
% With minor modifications by Joshua T. Guerin for Senior Design

@misc{SQLITE,
  author = {Coding Delivery},
  title = {Android {K}otlin {S}QLite {D}atabase},
  year = 2023,
  howpublished={\url{https://www.youtube.com/watch?v=9LYn-OBO5qE&ab_channel=CodingDelivery}}
  %%urldate = {2023-12-3}
}

@misc{Notifications,
  author = {Jolene Chong},
  title = {How {T}o {S}et {U} {W}eekly {N}otifications {I}n {A}ndroid},
  year = 2023,
  howpublished={\url{https://dev.to/jolenechong/how-to-set-up-weekly-notifications-in-android-recurring-notifications-styling-options-and-more-1b1l}}
  %%urldate = {2023-12-3}
}




@misc{API,
  author = {Yash Nagayach },
  title = {KOTLIN {R}etrofit {T}utorial },
  year = 2023,
  howpublished={\url{https://www.youtube.com/watch?v=5gFrXGbQsc8&ab_channel=YashNagayach}}
  %%urldate = {2023-12-3}
}

@misc{API2,
  author = {Kuldeep Singh Rai },
  title = {API {C}alls {w}ith {R}etrofit {i}n {A}ndroid {K}otlin },
  year = 2023,
  howpublished={\url{https://medium.com/@imkuldeepsinghrai/api-calls-with-retrofit-in-android-kotlin-a-comprehensive-guide-e049e19deba9}}
  %%urldate = {2023-12-3}
}

@misc{Buttons,
  author = {Stack Overflow },
  title = {Image {b}utton {t}o {o}pen {n}ew {A}ctivity },
  year = 2023,
  howpublished={\url{https://stackoverflow.com/questions/71299760/image-button-to-open-new-activity}}
  %%urldate = {2023-12-3}
}

@misc{Perenual,
  author = {Perenual },
  title = {Plant {A}PI {D}ocumentation},
  year = 2023,
  howpublished={\url{https://perenual.com/docs/api}}
  %%urldate = {2023-12-3}
}

@misc{Freepik,
    author = {Freepik},
    title = {{F}ree {P}NG and {S}VG {I}cons},
    year = 2023,
    howpublished = {\url{https://www.freepik.com/icons}}
}




}
